@misc{microsoft1,
	ALTauthor = {author},
	ALTeditor = {editor},
	title = {Chapter 16: Quality Attributes},
	month = {February},
	year = {2016},
	howpublished = {\url{https://msdn.microsoft.com/en-us/library/ee658094.aspx}},	
	language = {English}
}